<?xml version="1.0" encoding="UTF-8"?><collection xmlns="http://www.loc.gov/MARC21/slim"><record><leader>00424nam--2200133-i-4500</leader><controlfield tag="001">000014470</controlfield><controlfield tag="002">20161230</controlfield><controlfield tag="005">20161230201030</controlfield><controlfield tag="008">060222s1000------------r-----000-0-eng-d</controlfield><datafield ind1=" " ind2=" " tag="080"><subfield code="a">621.039.58(083.133):621.311.2(083.133)</subfield></datafield><datafield ind1=" " ind2=" " tag="245"><subfield code="a">Agressions externes dues aux activites humaines et conception des centrales nucleai- res.guide de surete</subfield></datafield><datafield ind1=" " ind2=" " tag="260"><subfield code="a">Vienne, Iaea, 1983. 39 P</subfield></datafield><datafield ind1=" " ind2=" " tag="490"><subfield code="a">Collection Securite</subfield></datafield><datafield ind1=" " ind2=" " tag="852"><subfield code="a">11497</subfield></datafield></record></collection>